@misc{DiPietro2016,
    title = {{A Friendly Introduction to Cross-Entropy Loss}},
    year = {2016},
    author = {DiPietro, Rob},
    url = {https://rdipietro.github.io/friendly-intro-to-cross-entropy-loss/}
}

@book{James2013,
    title = {{An Introduction to Statistical Learning}},
    year = {2013},
    author = {James, Gareth and Witten, Daniela and Hastie, Trevor and Tibshirani, Robert},
    edition = {1st Editio},
    pages = {441},
    volume = {103},
    publisher = {Springer},
    url = {http://www-bcf.usc.edu/~gareth/ISL/ISLR First Printing.pdf http://link.springer.com/10.1007/978-1-4614-7138-7},
    address = {New York},
    isbn = {978-1-4614-7137-0},
    doi = {10.1007/978-1-4614-7138-7},
    issn = {01621459},
    pmid = {10911016},
    arxivId = {arXiv:1011.1669v3}
}

@book{James2013b,
    title = {{An introduction to Statistical Learning with applications in R}},
    year = {2013},
    author = {James, G., Wittrn, D., Hastie, T., {\&} Tibshirani, R.},
    url = {https://books.google.co.cr/books?id=qcI_AAAAQBAJ&printsec=frontcover#v=onepage&q&f=false},
    isbn = {9781461471387},
    doi = {10.1007/978-1-4614-7138-7}
}

@book{Rusell2010,
    title = {{Artificial Intelligence: A Modern Approach}},
    year = {2010},
    author = {Russell, S J and Norvig, P},
    series = {Prentice Hall series in artificial intelligence},
    publisher = {Prentice Hall},
    url = {https://books.google.co.cr/books?id=8jZBksh-bUMC},
    isbn = {9780136042594}
}

@article{Garriga2017,
    title = {{Assessing Wheat Traits by Spectral Reflectance: Do We Really Need to Focus on Predicted Trait-Values or Directly Identify the Elite Genotypes Group?}},
    year = {2017},
    journal = {Frontiers in Plant Science},
    author = {Garriga, Miguel and Romero-Bravo, Sebastián and Estrada, Félix and Escobar, Alejandro and Matus, Iván A. and del Pozo, Alejandro and Astudillo, Cesar A. and Lobos, Gustavo A.},
    month = {3},
    pages = {280},
    volume = {8},
    publisher = {Frontiers},
    url = {http://journal.frontiersin.org/article/10.3389/fpls.2017.00280/full},
    isbn = {1664-462X},
    doi = {10.3389/fpls.2017.00280},
    issn = {1664-462X},
    pmid = {28337210},
    keywords = {13C, C13, PLS-DA, Phenomic, carbon isotope discrimination, high-throughput phenotyping, phenotyping, reflectance}
}

@article{Siegmann2015,
    title = {{Comparison of different regression models and validation techniques for the assessment of wheat leaf area index from hyperspectral data}},
    year = {2015},
    journal = {International Journal of Remote Sensing},
    author = {Siegmann, Bastian and Jarmer, Thomas},
    number = {18},
    pages = {4519--4534},
    volume = {36},
    publisher = {Taylor {\&} Francis},
    url = {http://dx.doi.org/10.1080/01431161.2015.1084438},
    doi = {10.1080/01431161.2015.1084438},
    issn = {0143-1161}
}

@misc{Whyte2014,
    title = {{Google JavaScript Style Guide}},
    year = {2014},
    booktitle = {Google.Github.Io},
    author = {Whyte, Aaron},
    pages = {1--24},
    url = {https://google.github.io/styleguide/jsguide.html},
    keywords = {as it, internet explorer, s not supported in}
}

@book{SistemaNacionaldeAcreditaciondelaEducacionSuperior2012,
    title = {{GU{\'{I}}A PARA ELABORAR Y REVISAR EL INFORME DE AVANCE DE CUMPLIMIENTO DEL COMPROMISO DE MEJORAMIENTO}},
    year = {2012},
    author = {{Sistema Nacional de Acreditaci{\'{o}}n de la Educaci{\'{o}}n Superior}},
    url = {https://www.sinaes.ac.cr/documentos/Guia_elaborar_y_revisar_ACCM.pdf},
    address = {San Jos{\'{e}}, Costa Rica}
}

@article{Krizhevsky2009,
    title = {{Learning Multiple Layers of Features from Tiny Images}},
    year = {2009},
    journal = {{\ldots} Science Department, University of Toronto, Tech. {\ldots}},
    author = {Krizhevsky, Alex},
    pages = {1--60},
    url = {https://www.cs.toronto.edu/~kriz/learning-features-2009-TR.pdf http://scholar.google.com/scholar?hl=en&btnG=Search&q=intitle:Learning+Multiple+Layers+of+Features+from+Tiny+Images#0},
    isbn = {9788578110796},
    doi = {10.1.1.222.9220},
    issn = {1098-6596},
    pmid = {25246403},
    arxivId = {arXiv:1011.1669v3}
}

@misc{LinuxDocumentation,
    title = {{Linux system calls Manpage}},
    author = {{Linux Documentation}},
    url = {http://manpages.ubuntu.com/manpages/trusty/man2/syscalls.2.html}
}

@book{SistemaNacionaldeAcreditaciondelaEducacionSuperior2009,
    title = {{Manual de Acreditaci{\'{o}}n Oficial de Carreras de Grado del Sistema Nacional de Acreditaci{\'{o}}n de la Educaci{\'{o}}n Superior}},
    year = {2009},
    author = {{Sistema Nacional de Acreditaci{\'{o}}n de la Educaci{\'{o}}n Superior}},
    pages = {79},
    url = {https://www.sinaes.ac.cr/documentos/Manual_de_Acreditacion_Oficial_de_Carreras_de_Grado.pdf},
    address = {San Jos{\'{e}}, Costa Rica}
}

@misc{perceptrons,
    title = {{Perceptrons - the most basic form of a neural network {\textperiodcentered} Applied Go}},
    url = {https://appliedgo.net/perceptron/}
}

@article{Wold2001,
    title = {{PLS-regression : a basic tool of chemometrics}},
    year = {2001},
    author = {Wold, Svante and Sjostrom, Michael},
    pages = {109--130},
    keywords = {latent variables, multivariate analysis, pls, plsr, two-block predictive pls}
}

@book{Jolliffe2002,
    title = {{Principal Component Analysis}},
    year = {2002},
    booktitle = {Encyclopedia of Statistics in Behavioral Science},
    author = {Jolliffe, I T},
    number = {3},
    pages = {487},
    volume = {30},
    url = {http://onlinelibrary.wiley.com/doi/10.1002/0470013192.bsa501/full},
    isbn = {0387954422},
    doi = {10.2307/1270093},
    issn = {00401706},
    pmid = {21435900},
    arxivId = {arXiv:1011.1669v3}
}

@article{Bengio2007,
    title = {{Scaling Learning Algorithms towards AI}},
    year = {2007},
    journal = {Large Scale Kernel Machines},
    author = {Bengio, Yoshua and {\{}LeCun{\}}, Yann and Lecun, Yann},
    number = {1},
    pages = {321--360},
    isbn = {1002620262},
    doi = {10.1.1.72.4580},
    issn = {00099104},
    pmid = {11359439},
    arxivId = {arXiv:1011.1669v3}
}

@article{Rakhlin6.883:Learning,
    title = {{6.883: Online Methods in Machine Learning}},
    author = {Rakhlin, Alexander},
    url = {http://www.mit.edu/~rakhlin/6.883/lectures/lecture05.pdf}
}

@article{CeronCAPITULOHILOS,
    title = {{CAP{\'{I}}TULO 2. PROCESOS VS. HILOS}},
    author = {Cer{\'{o}}n, Carmen and Programaci{\'{o}}n, G and Buap, Concurrente},
    url = {http://mceron.cs.buap.mx/cap2_dis.pdf}
}

@misc{Karpathy2016CS231n:Recognition,
    title = {{CS231n: Convolutional Neural Networks for Visual Recognition}},
    year = {2016},
    author = {Karpathy, Andrej and Li, Fei-Fei and Johnson, Justin},
    url = {http://cs231n.github.io/linear-classify/ http://cs231n.github.io/neural-networks-2/}
}

@misc{Karpathy2016CS231n:Recognitionb,
    title = {{CS231n: Convolutional Neural Networks for Visual Recognition}},
    year = {2016},
    author = {Karpathy, Andrej and Li, Fei-Fei and Johnson, Justin}
}

@article{CastellanosESTUDIOPTHREADS,
    title = {{ESTUDIO COMPARATIVO DEL SOPORTE MULTIHILO DE JAVA VERSUS PTHREADS}},
    author = {Castellanos, Jorge A},
    url = {http://servicio.bc.uc.edu.ve/facyt/v1n1/1-1-7.pdf}
}

@article{Whyte2014GoogleGuide,
    title = {{Google JavaScript Style Guide}},
    year = {2014},
    journal = {google.github.io},
    author = {Whyte, Aaron},
    keywords = {as it, internet explorer, s not supported in}
}

@article{2014MachineLoss,
    title = {{Machine Learning Hinge Loss}},
    year = {2014},
    url = {https://wwwpub.zih.tu-dresden.de/~ds24/lehre/ml_ws_2013/ml_11_hinge.pdf}
}

@article{PerkinelmerOptimaICP-OES,
    title = {{Optima 8000 ICP-OES}},
    author = {Perkinelmer, The}
}

@article{MiningSpringerOf,
    title = {{Springer Series in Statistics The Elements of}},
    author = {Mining, Data}
}

@book{Craig2002SystematicTesting,
    title = {{Systematic software testing}},
    year = {2002},
    author = {Craig, Rick D. (Rick David) and Jaskiel, Stefan P.},
    pages = {536},
    publisher = {Artech House},
    url = {https://books.google.co.cr/books?id=2_gbZYZcZXgC&dq=craig+systematic+testing&lr=&source=gbs_navlinks_s},
    isbn = {1580537928}
}

@article{SequoiaTechnical,
    title = {{Technical specif ications Key features eBee Integration Kit *}},
    author = {Sequoia, Parrot and Mp, Four}
}

@misc{TLDP.orgTheGuide,
    title = {{The Linux Kernel Hackers' Guide}},
    author = {{TLDP.org}},
    url = {http://www.tldp.org/LDP/khg/HyperNews/get/khg.html}
}

@article{2016ThermoMAPManual,
    title = {{thermoMAP Camera User Manual}},
    year = {2016},
    number = {October}
}